<record><leader>00000cas a22000007a 4500</leader><controlfield tag="001">24336641</controlfield><controlfield tag="008">910905d19851989ohuzn ne      0    0eng d</controlfield><datafield ind1=" " ind2=" " tag="010"><subfield code="a">sn 91069836 </subfield></datafield><datafield ind1=" " ind2=" " tag="040"><subfield code="a">ONP</subfield><subfield code="b">eng</subfield><subfield code="c">ONP</subfield><subfield code="d">OCLCQ</subfield></datafield><datafield ind1=" " ind2=" " tag="042"><subfield code="a">msc</subfield></datafield><datafield ind1="0" ind2=" " tag="130"><subfield code="a">Terrier (Hiram, Ohio : 1985)</subfield></datafield><datafield ind1="1" ind2="4" tag="245"><subfield code="a">The Terrier.</subfield></datafield><datafield ind1=" " ind2=" " tag="260"><subfield code="a">Hiram, Ohio :</subfield><subfield code="b">Students of Hiram College,</subfield><subfield code="c">1985-1989.</subfield></datafield><datafield ind1=" " ind2=" " tag="300"><subfield code="a">v.</subfield></datafield><datafield ind1=" " ind2=" " tag="310"><subfield code="a">Six Thursdays during each of the Fall, Winter and Spring Quarters</subfield></datafield><datafield ind1="0" ind2=" " tag="362"><subfield code="a">Vol. 96, no. 1 (Oct. 10, 1985)-v. 97, no. 3 (Oct. 13, 1989).</subfield></datafield><datafield ind1=" " ind2=" " tag="500"><subfield code="a">Hiram College student newspaper.</subfield></datafield><datafield ind1=" " ind2=" " tag="515"><subfield code="a">Volume numbering varies.</subfield></datafield><datafield ind1=" " ind2=" " tag="752"><subfield code="a">United States</subfield><subfield code="b">Ohio</subfield><subfield code="c">Portage</subfield><subfield code="d">Hiram.</subfield></datafield><datafield ind1="0" ind2="0" tag="780"><subfield code="t">Advance (Hiram, Ohio : 1982)</subfield><subfield code="w">(DLC)sn 91069840</subfield></datafield><datafield ind1="0" ind2="0" tag="785"><subfield code="t">Advance (Hiram, Ohio : 1990)</subfield><subfield code="w">(DLC)sn 91069845</subfield></datafield></record>